@book {
    Takeuti-1987,
    title       = {Proof Theory},
    author      = {Gaisi Takeuti},
    publisher   = {Dover},
    edition     = {2},
    year        = {1987}
}

@online {
    Turunen-2021,
    title       = {Mathematical Logic -- Proof Theory},
    subtitle    = {Lecturer's Notes},
    author      = {Esko Turunen},
    urldate     = {2021-03-15},
    year        = {2019}
}
